<record><leader>00000cas a2200000 a 4500</leader><controlfield tag="001">31771104</controlfield><controlfield tag="008">950105d19911999azumr ne      0    0eng d</controlfield><datafield ind1=" " ind2=" " tag="010"><subfield code="a">sn 95060538 </subfield></datafield><datafield ind1=" " ind2=" " tag="040"><subfield code="a">ANN</subfield><subfield code="b">eng</subfield><subfield code="c">ANN</subfield><subfield code="d">OCLCQ</subfield><subfield code="d">OCLCF</subfield><subfield code="d">OCLCO</subfield></datafield><datafield ind1=" " ind2=" " tag="042"><subfield code="a">msc</subfield></datafield><datafield ind1=" " ind2=" " tag="043"><subfield code="a">n-us-az</subfield></datafield><datafield ind1="0" ind2=" " tag="130"><subfield code="a">Arizona sentinel (Fountain Hills, Ariz.)</subfield></datafield><datafield ind1="0" ind2="0" tag="245"><subfield code="a">Arizona sentinel.</subfield></datafield><datafield ind1=" " ind2=" " tag="260"><subfield code="a">Fountain Hills, Ariz. :</subfield><subfield code="b">Fountain Hills Sentinel Pub.,</subfield><subfield code="c">1991-1999.</subfield></datafield><datafield ind1=" " ind2=" " tag="300"><subfield code="a">v. :</subfield><subfield code="b">ill.</subfield></datafield><datafield ind1=" " ind2=" " tag="310"><subfield code="a">Monthly</subfield></datafield><datafield ind1="0" ind2=" " tag="362"><subfield code="a">Vol. 2, no. 2 (May 1991)-v.10, no. 2 (May 1999).</subfield></datafield><datafield ind1=" " ind2="0" tag="651"><subfield code="a">Fountain Hills (Ariz.)</subfield><subfield code="v">Newspapers.</subfield></datafield><datafield ind1=" " ind2="0" tag="651"><subfield code="a">Maricopa County (Ariz.)</subfield><subfield code="v">Newspapers.</subfield></datafield><datafield ind1=" " ind2="7" tag="655"><subfield code="a">Newspapers.</subfield><subfield code="2">fast</subfield><subfield code="0">(OCoLC)fst01423814</subfield></datafield><datafield ind1=" " ind2="7" tag="651"><subfield code="a">Arizona</subfield><subfield code="z">Fountain Hills.</subfield><subfield code="2">fast</subfield><subfield code="0">(OCoLC)fst01268840</subfield></datafield><datafield ind1=" " ind2="7" tag="651"><subfield code="a">Arizona</subfield><subfield code="z">Maricopa County.</subfield><subfield code="2">fast</subfield><subfield code="0">(OCoLC)fst01217111</subfield></datafield><datafield ind1=" " ind2=" " tag="752"><subfield code="a">United States</subfield><subfield code="b">Arizona</subfield><subfield code="c">Maricopa</subfield><subfield code="d">Fountain Hills.</subfield></datafield><datafield ind1="0" ind2="0" tag="780"><subfield code="t">Fountain Hills sentinel</subfield><subfield code="w">(OCoLC)31771095</subfield></datafield><datafield ind1="0" ind2="0" tag="785"><subfield code="t">Arizona sentinel: let's go!</subfield><subfield code="w">(DLC)sn 99068171</subfield><subfield code="w">(OCoLC)42731351</subfield></datafield></record>